@article{Paths1,
	title={Partial pathfinding using map abstraction and refinement},
	author={Sturtevant, Nathan and Buro, Michael},
	journal={AAAI},
	volume={5},
	pages={1392--1397},
	year={2005}
}



@inproceedings{marching,
	title={Marching cubes: A high resolution 3D surface construction algorithm},
	author={Lorensen, William E and Cline, Harvey E},
	booktitle={ACM siggraph computer graphics},
	volume={21},
	number={4},
	pages={163--169},
	year={1987},
	organization={ACM}
}


@article{Time,
	title={ Corridor Analysis â€“ A timeline of evolutionary development},
	author={Husdal, J.},
	journal={Unpublished coursework. University of Utah, USA.},
	year={2015}
}

@book{GPU,
 author = {Nguyen, Hubert},
 title = {Gpu Gems 3},
 year = {2007},
 isbn = {9780321545428},
 edition = {First},
 publisher = {Addison-Wesley Professional},
} 

@article{DSA2,
  title={Computer rendering of stochastic models},
  author={Fournier, Alain and Fussell, Don and Carpenter, Loren},
  journal={Communications of the ACM},
  volume={25},
  number={6},
  pages={371--384},
  year={1982},
  publisher={ACM}
}

@inproceedings{LevelDSA,
 author = {Miller, Gavin S P},
 title = {The Definition and Rendering of Terrain Maps},
 booktitle = {Proceedings of the 13th Annual Conference on Computer Graphics and Interactive Techniques},
 series = {SIGGRAPH '86},
 year = {1986},
 isbn = {0-89791-196-2},
 pages = {39--48},
 numpages = {10},
 url = {http://doi.acm.org/10.1145/15922.15890},
 doi = {10.1145/15922.15890},
 acmid = {15890},
 publisher = {ACM},
 address = {New York, NY, USA},
} 

@book{mpi,
  title={MPI--the Complete Reference: The MPI core},
  author={Snir, Marc},
  volume={1},
  year={1998},
  publisher={MIT press}
}


@article{AI-learning,
  title={Mastering the game of Go with deep neural networks and tree search},
  author={Silver, David and Huang, Aja and Maddison, Chris J and Guez, Arthur and Sifre, Laurent and van den Driessche, George and Schrittwieser, Julian and Antonoglou, Ioannis and Panneershelvam, Veda and Lanctot, Marc and others},
  journal={Nature},
  volume={529},
  number={7587},
  pages={484--489},
  year={2016},
  publisher={Nature Publishing Group}
}

@article{Openmp,
  title={OpenMP: an industry standard API for shared-memory programming},
  author={Dagum, Leonardo and Enon, Rameshm},
  journal={Computational Science \& Engineering, IEEE},
  volume={5},
  number={1},
  pages={46--55},
  year={1998},
  publisher={IEEE}
}

@article{califano,
  title={SPLASH: structural pattern localization analysis by sequential histograms},
  author={Califano, Andrea},
  journal={Bioinformatics},
  volume={16},
  number={4},
  pages={341--357},
  year={2000},
  publisher={Oxford Univ Press}
}

@article{A*,
	title={A formal basis for the heuristic determination of minimum cost paths},
	author={Hart, Peter E and Nilsson, Nils J and Raphael, Bertram},
	journal={Systems Science and Cybernetics, IEEE Transactions on},
	volume={4},
	number={2},
	pages={100--107},
	year={1968},
	publisher={IEEE}
}

@article{LG-Survey,
 author = {Hendrikx, Mark and Meijer, Sebastiaan and Van Der Velden, Joeri and Iosup, Alexandru},
 title = {Procedural Content Generation for Games: A Survey},
 journal = {ACM Trans. Multimedia Comput. Commun. Appl.},
 issue_date = {February 2013},
 volume = {9},
 number = {1},
 month = feb,
 year = {2013},
 issn = {1551-6857},
 pages = {1:1--1:22},
 articleno = {1},
 numpages = {22},
 url = {http://doi.acm.org/10.1145/2422956.2422957},
 doi = {10.1145/2422956.2422957},
 acmid = {2422957},
 publisher = {ACM},
 address = {New York, NY, USA},
 keywords = {Game content generation, procedural, survey},
} 


@article{perlin,
  title={An image synthesizer},
  author={Perlin, Ken},
  journal={ACM Siggraph Computer Graphics},
  volume={19},
  number={3},
  pages={287--296},
  year={1985}
}

@article{goodchild,
  title={An evaluation of lattice solutions to the problem of corridor location},
  author={Goodchild, MF},
  journal={Environment and Planning A},
  volume={9},
  number={7},
  pages={727--738},
  year={1977},
  publisher={Pion Ltd, London}
}

@article{mcilhagga,
  title={Optimal path delineation to multiple targets incorporating fixed cost distance},
  author={McIlhagga, D},
  journal={Unpublished Thesis, Carleton University, Ottawa, ON},
  year={1997}
}

@article{lombard,
  title={The gateway shortest path problem: generating alternative routes for a corridor location problem},
  author={Lombard, K and Church, RL},
  journal={Geographical systems},
  volume={1},
  number={1},
  pages={25--45},
  year={1993}
}

@inproceedings{eastman,
  title={Pushbroom algorithms for calculating distances in raster grids},
  author={Eastman, J Ronald},
  booktitle={Proc. Autocarto},
  volume={9},
  pages={288--297},
  year={1989}
}

@article{huber,
  title={Transmission corridor location modeling},
  author={Huber, Dennis L and Church, Richard L},
  journal={Journal of Transportation Engineering},
  volume={111},
  number={2},
  pages={114--130},
  year={1985},
  publisher={American Society of Civil Engineers}
}

@article{honours,
	title={Comparison of Pathfinding Algorithms Using the GPGPU},
	author={McMillan, C.},
	journal={BEng (Hons) Games Development Dissertation). Edinburgh Napier University (Hart, E., Urquhart, N.},
	year={(2014)}
}

@article{honours2,
	title={Evaluating Procedural Noise for Generation of
	3D Terrain},
	author={Gray, J.T.},
	journal={BEng (Hons) Games Development Dissertation). Edinburgh Napier University (Chalmers, K., Cummming, A.},
	year={(2012)}
}

@article{dijkstra,
author = {Cormen, T. H. and Leiserson, C. E. and Rivest, R. L. and Stein, C.},
booktitle = {Introduction to Algorithms 2nd edition},
chapter = {24},
keywords = {algorithm, graph},
pages = {595--599},
posted-at = {2006-10-31 01:55:48},
priority = {2},
publisher = {MIT Press},
title = {{Dijkstra's algorithm}}
}


@article{pathfinding-games,
  title={Pathfinding in computer games},
  author={Graham, Ross and McCabe, Hugh and Sheridan, Stephen},
  journal={ITB Journal},
  volume={8},
  pages={57--81},
  year={2003}
}

@book{levels2,
	author={Shaker, Noor and Togelius, Julian and Nelson, Mark J.},
	title={Procedural Content Generation in Games: A Textbook and an Overview of Current Research},
	publisher={Springer},
	year={2015}
}

@misc{levels1,
	title = {Dungeon Delving: A Short Introduction to Procedural Level Generation},
	howpublished = {\url{https://www.youtube.com/watch?v=VGSHsh83_ns}},
	note = {Accessed: 2015-09-15}
}

 @misc{ Akalabeth,
   author = "Wikipedia",
   title = "Akalabeth: World of Doom --- Wikipedia{,} The Free Encyclopedia",
   year = "2015",
   howpublished = "\url{https://en.wikipedia.org/w/index.php?title=Akalabeth:_World_of_Doom&oldid=670318824}",
   note = "[Online; accessed 13-October-2015]"
 }